@INPROCEEDINGS{ Volk,
	author = {Volk, Martin},
	title = {Combining Unsupervised and Supervised Methods for PP Attachment Disambiguation},
	booktitle = {Proceedings of the 19th International Conference on Computational Linguistics - Volume 1},
	series = {COLING '02},
	year = {2002},
	location = {Taipei, Taiwan},
	pages = {1--7},
	numpages = {7},
	url = {https://doi.org/10.3115/1072228.1072232},
	doi = {10.3115/1072228.1072232},
	acmid = {1072232},
	publisher = {Association for Computational Linguistics},
	address = {Stroudsburg, PA, USA},
}

@ARTICLE{ HindleRooth,
	author = {Hindle, Donald and Rooth, Mats},
	title = {Structural Ambiguity and Lexical Relations},
	journal = {Comput. Linguist.},
	issue_date = {March 1993},
	volume = {19},
	number = {1},
	month = mar,
	year = {1993},
	issn = {0891-2017},
	pages = {103--120},
	numpages = {18},
	url = {http://dl.acm.org/citation.cfm?id=972450.972456},
	acmid = {972456},
	publisher = {MIT Press},
	address = {Cambridge, MA, USA},
}

@INPROCEEDINGS{vanNoord,
	author = {{van Noord}, Gertjan},
	title = {Using Self-trained Bilexical Preferences to Improve Disambiguation Accuracy},
	booktitle = {Proceedings of the 10th International Conference on Parsing Technologies},
	series = {IWPT '07},
	year = {2007},
	isbn = {978-1-932432-90-9},
	location = {Prague, Czech REpublic},
	pages = {1--10},
	numpages = {10},
	url = {http://dl.acm.org/citation.cfm?id=1621410.1621411},
	acmid = {1621411},
	publisher = {Association for Computational Linguistics},
	address = {Stroudsburg, PA, USA},
}

@INPROCEEDINGS{YangSuTan,
	title={Improving pronoun resolution using statistics-based semantic compatibility information},
	author={Yang, Xiaofeng and Su, Jian and Tan, Chew Lim},
	booktitle={Proceedings of the 43rd Annual Meeting on Association for Computational Linguistics},
	pages={165--172},
	year={2005},
	organization={Association for Computational Linguistics}
}

@INPROCEEDINGS{SocherFullLex,
	title={Semantic compositionality through recursive matrix-vector spaces},
	author={Socher, Richard and Huval, Brody and Manning, Christopher D and Ng, Andrew Y},
	booktitle={Proceedings of the 2012 joint conference on empirical methods in natural language processing and computational natural language learning},
	pages={1201--1211},
	year={2012},
	organization={Association for Computational Linguistics}
}

@INPROCEEDINGS{PenningtonSocherManningGlove,
	title={Glove: Global vectors for word representation},
	author={Pennington, Jeffrey and Socher, Richard and Manning, Christopher},
	booktitle={Proceedings of the 2014 conference on empirical methods in natural language processing (EMNLP)},
	pages={1532--1543},
	year={2014}
}

@INPROCEEDINGS{PlankVanNoord,
	title={Effective measures of domain similarity for parsing},
	author={Plank, Barbara and {van Noord}, Gertjan},
	booktitle={Proceedings of the 49th Annual Meeting of the Association for Computational Linguistics: Human Language Technologies-Volume 1},
	pages={1566--1576},
	year={2011},
	organization={Association for Computational Linguistics}
}

@INPROCEEDINGS{deKokParsing,
	title={Transition-based dependency parsing with topological fields},
	author={{de Kok}, Dani{\"e}l and Hinrichs, Erhard},
	booktitle={Proceedings of the 54th Annual Meeting of the Association for Computational Linguistics (Volume 2: Short Papers)},
	volume={2},
	pages={1--7},
	year={2016}
}

@INPROCEEDINGS{Lemming,
	title={Joint lemmatization and morphological tagging with lemming},
	author={M{\"u}ller, Thomas and Cotterell, Ryan and Fraser, Alexander and Sch{\"u}tze, Hinrich},
	booktitle={Proceedings of the 2015 Conference on Empirical Methods in Natural Language Processing},
	pages={2268--2274},
	year={2015}
}

@INPROCEEDINGS{SchnabelEmbeddings,
  title={Evaluation methods for unsupervised word embeddings},
  author={Schnabel, Tobias and Labutov, Igor and Mimno, David and Joachims, Thorsten},
  booktitle={Proceedings of the 2015 Conference on Empirical Methods in Natural Language Processing},
  pages={298--307},
  year={2015}
}

@ARTICLE{BoumaNPMI,
	title={Normalized (pointwise) mutual information in collocation extraction},
	author={Bouma, Gerlof},
	journal={Proceedings of GSCL},
	pages={31--40},
	year={2009}
}

@ARTICLE{FastText,
	title={Enriching Word Vectors with Subword Information},
	author={Bojanowski, Piotr and Grave, Edouard and Joulin, Armand and Mikolov, Tomas},
	journal={Transactions of the Association for Computational Linguistics},
	volume={5},
	year={2017},
	issn={2307-387X},
	pages={135--146}
}